<?xml version="1.0" encoding="UTF-8"?><collection xmlns="http://www.loc.gov/MARC21/slim"><record><leader>00345nam--2200121-i-4500</leader><controlfield tag="001">000048637</controlfield><controlfield tag="002">20161230</controlfield><controlfield tag="005">20161230201047</controlfield><controlfield tag="008">060222s1000------------r-----000-0-eng-d</controlfield><datafield ind1=" " ind2=" " tag="080"><subfield code="a">621.039.8:631.4</subfield></datafield><datafield ind1=" " ind2=" " tag="245"><subfield code="a">Radiation and radioisotopes in soil studies and plant nutrition</subfield></datafield><datafield ind1=" " ind2=" " tag="260"><subfield code="a">Bombay, Depart.Of Atomic Energy, 1971, X+453p</subfield></datafield><datafield ind1=" " ind2=" " tag="852"><subfield code="a">36149</subfield></datafield></record></collection>